<record><leader>03025cam a2200433 i 4500</leader><controlfield tag="001">6811013</controlfield><controlfield tag="003">OCoLC</controlfield><controlfield tag="005">20150709135040.0</controlfield><controlfield tag="008">150130t20152015enka     b    001 0 eng  </controlfield><datafield ind1=" " ind2=" " tag="010"><subfield code="a">  2015001237</subfield></datafield><datafield ind1=" " ind2=" " tag="020"><subfield code="a">9781137381033 (hardback)</subfield></datafield><datafield ind1=" " ind2=" " tag="020"><subfield code="a">1137381035 (hardback)</subfield></datafield><datafield ind1=" " ind2=" " tag="035"><subfield code="a">ocn898925089</subfield></datafield><datafield ind1=" " ind2=" " tag="039"><subfield code="a">exclude</subfield></datafield><datafield ind1=" " ind2=" " tag="040"><subfield code="a">DLC</subfield><subfield code="e">rda</subfield><subfield code="b">eng</subfield><subfield code="c">DLC</subfield><subfield code="d">YDX</subfield><subfield code="d">BTCTA</subfield><subfield code="d">BDX</subfield><subfield code="d">OCLCF</subfield><subfield code="d">YDXCP</subfield><subfield code="d">CDX</subfield><subfield code="d">OCLCO</subfield><subfield code="d">AEU</subfield></datafield><datafield ind1=" " ind2=" " tag="042"><subfield code="a">pcc</subfield></datafield><datafield ind1=" " ind2=" " tag="043"><subfield code="a">a-cc---</subfield></datafield><datafield ind1="0" ind2="0" tag="050"><subfield code="a">HF5718.2.C6</subfield><subfield code="b">D82 2015</subfield></datafield><datafield ind1="0" ind2="0" tag="082"><subfield code="a">658.4/5080951</subfield><subfield code="2">23</subfield></datafield><datafield ind1=" " ind2=" " tag="084"><subfield code="a">LAN004000</subfield><subfield code="a">LAN009000</subfield><subfield code="a">LAN009050</subfield><subfield code="2">bisacsh</subfield></datafield><datafield ind1=" " ind2=" " tag="090"><subfield code="a">HF5718.2 .C6 D82 2015</subfield><subfield code="b">AEGMCT</subfield></datafield><datafield ind1="1" ind2=" " tag="100"><subfield code="a">Du, Ping,</subfield><subfield code="d">1970-</subfield><subfield code="e">author.</subfield></datafield><datafield ind1="1" ind2="0" tag="245"><subfield code="a">Intercultural communication in the Chinese workplace /</subfield><subfield code="c">Ping Du (University of Nottingham Ningbo China).</subfield></datafield><datafield ind1=" " ind2="1" tag="264"><subfield code="a">Houndmills, Basingstoke, Hampshire ;</subfield><subfield code="a">New York, NY :</subfield><subfield code="b">Palgrave Macmillan,</subfield><subfield code="c">2015.</subfield></datafield><datafield ind1=" " ind2="4" tag="264"><subfield code="c">&#169;2015</subfield></datafield><datafield ind1=" " ind2=" " tag="300"><subfield code="a">xv, 234 pages :</subfield><subfield code="b">illustrations ;</subfield><subfield code="c">23 cm</subfield></datafield><datafield ind1=" " ind2=" " tag="336"><subfield code="a">text</subfield><subfield code="2">rdacontent</subfield></datafield><datafield ind1=" " ind2=" " tag="337"><subfield code="a">unmediated</subfield><subfield code="2">rdamedia</subfield></datafield><datafield ind1=" " ind2=" " tag="338"><subfield code="a">volume</subfield><subfield code="2">rdacarrier</subfield></datafield><datafield ind1=" " ind2=" " tag="504"><subfield code="a">Includes bibliographical references (pages 221-228) and index.</subfield></datafield><datafield ind1="0" ind2=" " tag="505"><subfield code="a">1. Introduction -- 2. The Multi-Level Model: The Analytical Framework -- 3. Cultural Self Perception: The Explanatory Framework -- 4. The Management Crisis -- 5. Interactive Strategies for Conflict Management -- 6. The Expatriate Participants' Relational Strategies -- 7. The Chinese Participants' Speech Act Strategies -- 8. Coordinated Turn-taking as Problem Talk Strategy -- 9. Contextual Factors as Relational Strategies -- 10. Conclusion.</subfield></datafield><datafield ind1=" " ind2=" " tag="520"><subfield code="a">"China's sharp economic growth at the beginning of the twenty-first century has resulted in an increasing number of people from the other countries moving to work in China. This inevitably highlights the cultural differences that are apparent between China and other global workplace cultures. This book proposes a new theoretical and methodological approach to the investigation and explanation of intercultural differences in conflict management strategies and relational (politeness) strategies in workplace settings, taking the Chinese workplace as its focus. Drawing upon social psychology, sociolinguistics and discourse analysis, the book analyses various types of data such as recordings of meetings, participant interviews, organizational documents and emails to offer a new research approach that has relevance for researchers and scholars of intercultural communication globally"--</subfield><subfield code="c">Provided by publisher.</subfield></datafield><datafield ind1=" " ind2=" " tag="596"><subfield code="a">29</subfield></datafield><datafield ind1=" " ind2="0" tag="650"><subfield code="a">Business communication</subfield><subfield code="z">China</subfield><subfield code="v">Cross-cultural studies.</subfield></datafield><datafield ind1=" " ind2="0" tag="650"><subfield code="a">Intercultural communication</subfield><subfield code="z">China.</subfield></datafield><datafield ind1=" " ind2="0" tag="650"><subfield code="a">Communication in organizations</subfield><subfield code="z">China</subfield><subfield code="v">Cross-cultural studies.</subfield></datafield><datafield ind1=" " ind2="0" tag="650"><subfield code="a">Communication in management</subfield><subfield code="z">China</subfield><subfield code="v">Cross-cultural studies.</subfield></datafield><datafield ind1=" " ind2=" " tag="949"><subfield code="a">HF5718.2 .C6 D82 2015</subfield><subfield code="h">GMCT-OS-B</subfield><subfield code="i">1007777251</subfield><subfield code="p">113.06</subfield><subfield code="k">AVAIL_SOON</subfield></datafield><datafield ind1=" " ind2=" " tag="926"><subfield code="a">HF5718.2 .C6 D82 2015</subfield><subfield code="w">LC</subfield><subfield code="c">1</subfield><subfield code="i">1007777251</subfield><subfield code="d">7/23/2015</subfield><subfield code="l">ON_SHELF</subfield><subfield code="m">GR_MACEWAN</subfield><subfield code="p">$113.06</subfield><subfield code="r">Y</subfield><subfield code="s">Y</subfield><subfield code="t">BOOK</subfield><subfield code="u">7/15/2015</subfield></datafield></record>